@misc{Verch2018,
  author = {Verch, Marco},
  title  = {Matryoshka Nesting Dolls},
  url    = {https://foto.wuestenigel.com/matryoshka-russian-dolls/},
  note   = {Licensed under Creative Commons 2.0},
  year   = {2018},
  month  = {4}
}
